@manual{oetiket2007lshort,
    author = {Oetiket, T. and Partl, H. and Hyna and Schlegl, E.},
    title = {The not-so-short introduction to Latex},
    url = {http://www.ctan.org/tex-archive/info/lshort/english/lshort.pdf}
}

@manual{ubuntudesktop,
   author = {{Ubuntu community}},
   title = {{Ubuntu desktop priručnik}},
   url = {https://help.ubuntu.com/12.04/ubuntu-help/index.html},
   year = {2012}
}


@manual{ubuntuserver,
   author = {{Ubuntu community}},
   title = {{Ubuntu server priručnik}},
   url = {https://help.ubuntu.com/12.04/serverguide/serverguide.pdf
},
   year = {2012}
}


@book{prasopro,
   author = {Murat Prašo},
   title = {Uvod u upravljanje projektom},
   publisher = {Univerzitetska knjiga Mostar},
   year = {2005}
}

@book{prasorep,
   author = {Murat Prašo},
   title = {Poslovni reporting},
   publisher = {Univerzitetska knjiga Mostar},
   year = {2003}
}

@book{bazaar,
   author = {Eric S. Raymond},
   title = {{The Cathedral and the Bazaar: Musings on Linux and Open Source by an Accidental Revolutionary 
}},
   publisher = {O'Reilly Media},
   url = {http://www.catb.org/~esr/writings/cathedral-bazaar/cathedral-bazaar/index.html},
   year = {1999}
}


@book{inkscape,
   author = {Bethany Hiitola},
   title = {{Inkscape 0.48 Essentials for Web Designers: LITE}},
   publisher = {Packt Publishing},
   year = {2011}
}


@book{pentaho32,
   author = {Maria Carina Roldan},
   title = {{Pentaho 3.2 Data Integration: Beginner's Guide}},
   url = {http://www.packtpub.com/pentaho-32-data-integration-beginners-guide/book},
   publisher = {Packt Publishing},
   year = {2010}
}


@manual{downes2002shortams,
  title = 	 {{Short Math Guide for \LaTeX{}}},
  author = 	 {Downes,, Michael},
  organization = {American Mathematical Society},
  year = 	 {2002},
  url = 	 {ftp://ftp.ams.org/pub/tex/doc/amsmath/short-math-guide.pdf}
}

@Book{ungar2002uvod,
  author = 	 {Šime Ungar},
  title = 	 {{Uvod u \TeX{} s naglaskom na \LaTeX 2$\epsilon$}},
  publisher = 	 {Odjel za matematiku, Sveučilište J.J.\ Strossmayera u Osijeku},
  year = 	 {2002}
}

@Article{Narendra_1990,
  author =  {K.S.Narendra and K.Parthsarathy},
  title =  {Identification and Control of Dynamical System
                  using Neural Networks},
  journal = "IEENN",
  year =      {1990},
  volume =    {1},
  number =    {1},
  month =     {},
  pages =     {4-27},
  note =      {},
  annote =    {}
}

@booklet{Xbooklet,
    author   = "",
    title     = "",
    howpublished   = "",
    address  = "",
    year      = "XXXX",
    month    = "",
    note     = ""
}

@conference{Xconference,
    author    = "",
    title     = "",
    booktitle = "",
    editor   = "",
    volume   = "",
    number   = "",
    series   = "",
    pages    = "",
    address  = "",
    year      = "XXXX",
    month    = "",
    publisher= "",
    note     = ""
}

@mastersthesis{Xthesis,
    author    = "",
    title     = "",
    school    = "",
    type     = "diploma thesis",
    address  = "",
    year      = "XXXX",
    month    = "",
    note     = ""
}

@phdthesis{mag_mrsic,
    author    = "Leo Mršić",
    title     = "Primjena metoda rudarenja podataka u trgovini tekstilnim i srodnim proizvodima",
    school    = "Ekonomski fakultet u Zagrebu",
    type     = "Magistarski rad",
    year      = "2004",
    month    = "November"
}

@misc{web:wikipedia:bi,
    author = "Wikipedia",
    title = "Business intelligence",
    month = "Februar",
    year = {2012},
    url = "http://en.wikipedia.org/wiki/Business_intelligence"
}

@misc{web:wikipedia:olap_cube,
    author = "Wikipedia",
    title = "OLAP cube",
    month = "Februar",
    year = {2012},
    url = "http://en.wikipedia.org/wiki/OLAP_cube"
}

@misc{web:wikipedia:pivot_table,
    author = "Wikipedia",
    title = "Pivot table",
    month = "Februar",
    year = {2012},
    url = "http://en.wikipedia.org/wiki/Pivot_table"
}

@misc{web:wikipedia:xmla,
    author = "Wikipedia",
    title = "XML for Analysis",
    month = "Februar",
    year = {2012},
    url = "http://en.wikipedia.org/wiki/XML_for_Analysis" 
}

@misc{web:wikipedia:pentaho,
    author = "Wikipedia",
    title = "Pentaho",
    month = "Februar",
    year = {2012},
    url = "http://en.wikipedia.org/wiki/Pentaho" 
}


@misc{web:pentaho:mondrian_schema,
    author = "Pentaho",
    title = "Mondrian snowflake schema",
    month = "Februar",
    year = {2012},
    url = "http://mondrian.pentaho.com/documentation/schema.php#Star_schemas"
}


% 'Equipe de Recherche en Ingénierie des Connaissances (ERIC),

@misc{web:eric,
   author = "Sandro Bimonte and Pascal Wehrle",
   title = "An OLAP Solution using Mondrian and JPivot",
   publisher = {Equipe de Recherche en Ingénierie des Connaissances (ERIC)},
   year = {2007},
   url = "http://eric.univ-lyon2.fr/~sbimonte/doc/presentation_2007-02.pps"
}

@misc{web:r,
   author = "R foundation",
   title = "The R Project for Statistical Computing",
   url = "http://www.r-project.org",
   month = "Februar",
   year = {2012}
}

@misc{web:pentaho,
  author = "{Pentaho Community}",
  title = "Pentaho community",
  url = "http://community.pentaho.com",
  month = "Februar",
  year = {2012}
}

@misc{web:weka,
   author = "{{University of Waikato}}, {{Machine Learning Group}}",
   title = "The WEKA Data Mining Software: An Update",
   year = {2012},
   month = "Februar",
   url = "http://www.cs.waikato.ac.nz/ml/weka"
}

@misc{web:pentaho_weka,
  author = {{Pentaho Community}},
  title = "Pentaho Weka Project",
  url = "http://weka.pentaho.com/",
  month = "Februar",
  year = {2012}
}


@misc{web:saiku,
   author = "The analytical labs",
   title = "Saiku Analytics software",
   url = "http://analytical-labs.com",
   month = "Februar",
   year = {2012}
}
